
@inproceedings{cheng,
  author = "Peng Cheng and Xun Jian and Lei Chen",
  title = "An Experimental Evaluation of Task Assignment in Spatial Crowdsourcing",
  booktitle = "Proceedings of the VLDB Endowment",
  year = 2018,
  volume = "11",
  number = "11",
  pages = "1428--1440",
  month = jul,
  doi = "10.14778/3236187.3236196"
};

@inproceedings{tong,
  author = "Tong, Y., et al",
  title = "Online Minimum Matching in Real-Time Spatial Data: Experiments and Analysis",
  booktitle = "Proceedings of the VLDB Endowment",
  year = 2016,
  volume = "9",
  number = "12",
  pages = "1053--1064",
  month = aug,
  doi = "10.14778/2994509.2994523"
};


@inproceedings{rankingrandomorder,
 author = {Mahdian, Mohammad and Yan, Qiqi},
 title = {Online Bipartite Matching with Random Arrivals: An Approach Based on Strongly Factor-revealing LPs},
 booktitle = {Proceedings of the Forty-third Annual ACM Symposium on Theory of Computing},
 series = {STOC '11},
 year = {2011},
 isbn = {978-1-4503-0691-1},
 location = {San Jose, California, USA},
 pages = {597--606},
 numpages = {10},
 doi = {10.1145/1993636.1993716},
 acmid = {1993716},
 publisher = {ACM},
};


@inproceedings{greedy,
  author = "Bala Kalyanasundaram and Kirk Pruhs",
  title = "On-Line Weighted Matching",
  booktitle = "SODA '91 Proceedings of the second annual ACM-SIAM symposium on Discrete algorithms",
  year = 1991,
  month = mar,
  pages = "234--240"
};

@inproceedings{kazemi,
  author = "Leyla Kazemi and Cyrus Shahabi",
  title = "GeoCrowd: Enabling QUery Answering with Spatial Crowdsourcing",
  booktitle = "Proceedings of the 20th International Conference on Advances in Geographic Information Systems",
  year = 2012,
  pages = "189--198",
  month = nov,
  doi = "10.1145/2424321.2424346"
};

@inproceedings{hst-g,
  author = "Adam Meyerson and Akash Nanavati and Laura Poplawski",
  title = "Randomized online algorithms for minimum metric bipartite matching",
  booktitle = "SODA '06 Proceedings of the seventeenth annual ACM-SIAM symposium on Discrete algorithm",
  year = 2006,
  month = jan,
  pages = "954--959",
  address = "Miami, Florida"
};

@inproceedings{goel,
 author = {Goel, Gagan and Mehta, Aranyak},
 title = {Online Budgeted Matching in Random Input Models with Applications to Adwords},
 booktitle = {Proceedings of the Nineteenth Annual ACM-SIAM Symposium on Discrete Algorithms},
 series = {SODA '08},
 year = {2008},
 location = {San Francisco, California},
 pages = {982--991},
 numpages = {10},
 url = {http://dl.acm.org/citation.cfm?id=1347082.1347189},
 acmid = {1347189},
 publisher = {Society for Industrial and Applied Mathematics},
 address = {Philadelphia, PA, USA},
};

@inproceedings{karp,
 author = {Karp, R. M. and Vazirani, U. V. and Vazirani, V. V.},
 title = {An Optimal Algorithm for On-line Bipartite Matching},
 booktitle = {Proceedings of the Twenty-second Annual ACM Symposium on Theory of Computing},
 series = {STOC '90},
 year = {1990},
 isbn = {0-89791-361-2},
 location = {Baltimore, Maryland, USA},
 pages = {352--358},
 numpages = {7},
 url = {http://doi.acm.org.libproxy1.nus.edu.sg/10.1145/100216.100262},
 doi = {10.1145/100216.100262},
 acmid = {100262},
 publisher = {ACM},
 address = {New York, NY, USA},
};

@article{nature,
  author = "Vazifeh, M.M., et al",
  title = "Addressing the minimum fleet problem in on-demand urban mobility",
  journal = "Nature",
  pages = "534--538",
  volume = "557",
  number = "7706",
  month = may,
  year = 2018
};

@article{hst-re,
  author = "Bansal, N., et al",
  title = "A randomized $O(log^2 k)$-Competitive Algorithm for Metric Bipartite Matching",
  journal = "Algorithmica",
  pages = "390-403",
  volume = "68",
  number = "2",
  month = feb,
  year = 2014
};

@article{spatial,
 author = {To, Hien and Shahabi, Cyrus and Kazemi, Leyla},
 title = {A Server-Assigned Spatial Crowdsourcing Framework},
 journal = {ACM Trans. Spatial Algorithms Syst.},
 volume = {1},
 number = {1},
 month = jul,
 year = {2015},
 issn = {2374-0353},
 pages = {2:1--2:28},
 articleno = {2},
 numpages = {28},
 url = {http://doi.acm.org.libproxy1.nus.edu.sg/10.1145/2729713},
 doi = {10.1145/2729713},
 acmid = {2729713},
 publisher = {ACM},
 address = {New York, NY, USA},
 keywords = {Crowdsourcing, mobile crowdsourcing, participatory sensing, spatial crowdsourcing, spatial task assignment},
};

@article{preprocess,
  author = "Santi, P., et al",
  title = "Quantifying the benefits of vehicle pooling with shareability networks",
  journal = "Proceedings of the National Academy of Sciences of the United States of America",
  pages = "13290--13294",
  volume = "111",
  number = "37",
  month = sep,
  year = 2014
};

@article{dist1,
  author = "Jiang, Z.-Q., et al",
  title = "Calling patterns in human communication dynamics",
  journal = "Proceedings of the National Academy of Sciences of the United States of America",
  pages = "1600--1605",
  volume = "110",
  number = "5",
  month = jan,
  year = 2013,
  doi = "10.1073/pnas.1220433110"
};

@article{dist2,
author={Liang,Xiao and Zhao,Jichang and Dong,Li and Xu,Ke},
year={2013},
month={10},
title={Unraveling the origin of exponential law in intra-urban human mobility},
journal={Scientific Reports (Nature Publisher Group)},
volume={3},
number = "1",
pages={2983}
};